<collection xmlns="http://www.loc.gov/MARC21/slim">
<record>
  <leader>01248nam0a2200253 i 450 </leader>
  <controlfield tag="001">IT\ICCU\CNCE\009929</controlfield>
  <controlfield tag="005">20160531000000.0</controlfield>
  <datafield tag="012" ind1=" " ind2=" ">
    <subfield code="a">titi nauo i.o&amp; FIMe (C) 1515 (Q)</subfield>
    <subfield code="2">fei</subfield>
  </datafield>
  <datafield tag="100" ind1=" " ind2=" ">
    <subfield code="a">19970101f1515        0itac0103    ba</subfield>
  </datafield>
  <datafield tag="101" ind1=" " ind2=" ">
    <subfield code="a">ITA</subfield>
  </datafield>
  <datafield tag="102" ind1=" " ind2=" ">
    <subfield code="a">IT</subfield>
  </datafield>
  <datafield tag="200" ind1="1" ind2=" ">
    <subfield code="a">℗La ℗rappresentatione di sancto Venantio martyre</subfield>
  </datafield>
  <datafield tag="210" ind1=" " ind2=" ">
    <subfield code="d">\prima del 1515!</subfield>
    <subfield code="e">\Firenze</subfield>
    <subfield code="g">Antonio Tubini &amp; Andrea Ghirlandi!</subfield>
  </datafield>
  <datafield tag="215" ind1=" " ind2=" ">
    <subfield code="a">\10! c.</subfield>
    <subfield code="d">4ʻ</subfield>
  </datafield>
  <datafield tag="300" ind1=" " ind2=" ">
    <subfield code="a">Il nome dell&apos;autore si ricava da c. B4v. - Per la data cfr.: S. Periti, Contributo alla bibliografia fiorentina del XVI secolo. Le edizioni dal 1501 al 1530, C39</subfield>
  </datafield>
  <datafield tag="620" ind1=" " ind2=" ">
    <subfield code="a">IT</subfield>
    <subfield code="d">Firenze</subfield>
  </datafield>
  <datafield tag="700" ind1=" " ind2="1">
    <subfield code="a">Castellani,</subfield>
    <subfield code="b">Castellano</subfield>
    <subfield code="3">IT\ICCU\CNCA\002759</subfield>
  </datafield>
  <datafield tag="712" ind1="0" ind2="0">
    <subfield code="a">Tubini, Antonio &amp; Ghirlandi, Andrea</subfield>
    <subfield code="3">IT\ICCU\CNCT\000649</subfield>
    <subfield code="4">650</subfield>
  </datafield>
  <datafield tag="791" ind1="0" ind2="0">
    <subfield code="a">Ghirlandi, Andrea</subfield>
    <subfield code="3">IT\ICCU\CNCT\002180</subfield>
    <subfield code="z">Tubini, Antonio &amp; Ghirlandi, Andrea</subfield>
  </datafield>
  <datafield tag="791" ind1="0" ind2="0">
    <subfield code="a">Thobini, Antonio &amp; Gryllandi, Andrea</subfield>
    <subfield code="3">IT\ICCU\CNCT\004143</subfield>
    <subfield code="z">Tubini, Antonio &amp; Ghirlandi, Andrea</subfield>
  </datafield>
  <datafield tag="801" ind1=" " ind2="3">
    <subfield code="a">IT</subfield>
    <subfield code="b">ICCU</subfield>
    <subfield code="c">20201113</subfield>
  </datafield>
  <datafield tag="899" ind1=" " ind2=" ">
    <subfield code="a">Biblioteca nazionale centrale. Firenze</subfield>
    <subfield code="1">FI0098</subfield>
    <subfield code="2">CFI CF</subfield>
  </datafield>
  <datafield tag="911" ind1=" " ind2=" ">
    <subfield code="a">In fine</subfield>
    <subfield code="9">IT\ICCU\CNCM\001798</subfield>
  </datafield>
  <datafield tag="921" ind1=" " ind2=" ">
    <subfield code="a">IT\ICCU\CNCM\001798</subfield>
    <subfield code="b">Drago alato. In alto iniziali A.A.</subfield>
    <subfield code="c">K56</subfield>
    <subfield code="c">Z459</subfield>
    <subfield code="d">Dimensioni: 2,7 x 3,7</subfield>
    <subfield code="f">DRAGO</subfield>
    <subfield code="f">AA</subfield>
    <subfield code="g">1507-[non dopo il 1521]</subfield>
  </datafield>
</record>
</collection>
